<?xml version="1.0" encoding="UTF-8"?><record xmlns="http://www.loc.gov/MARC21/slim" xmlns:cinclude="http://apache.org/cocoon/include/1.0" xmlns:zs="http://www.loc.gov/zing/srw/">
  <leader>01089cz  a2200229n  4500</leader>
  <controlfield tag="001">n  81054483 </controlfield>
  <controlfield tag="003">DLC</controlfield>
  <controlfield tag="005">20130316080915.0</controlfield>
  <controlfield tag="008">810609n| acannaabn          |a aaa      </controlfield>
  <datafield tag="010" ind1=" " ind2=" ">
    <subfield code="a">n  81054483 </subfield>
  </datafield>
  <datafield tag="035" ind1=" " ind2=" ">
    <subfield code="a">(OCoLC)oca00599970</subfield>
  </datafield>
  <datafield tag="040" ind1=" " ind2=" ">
    <subfield code="a">DLC</subfield>
    <subfield code="b">eng</subfield>
    <subfield code="c">DLC</subfield>
    <subfield code="d">DLC</subfield>
    <subfield code="d">OCoLC</subfield>
    <subfield code="d">DLC</subfield>
  </datafield>
  <datafield tag="046" ind1=" " ind2=" ">
    <subfield code="s">07</subfield>
    <subfield code="t">08</subfield>
  </datafield>
  <datafield tag="053" ind1=" " ind2="0">
    <subfield code="a">PK3798.R2878</subfield>
  </datafield>
  <datafield tag="100" ind1="0" ind2=" ">
    <subfield code="a">Ratnākara,</subfield>
    <subfield code="c">Rājānaka,</subfield>
    <subfield code="d">active 8th century-9th century</subfield>
  </datafield>
  <datafield tag="400" ind1="0" ind2=" ">
    <subfield code="a">Rājānaka Ratnākara,</subfield>
    <subfield code="d">active 8th century-9th century</subfield>
  </datafield>
  <datafield tag="400" ind1="0" ind2=" ">
    <subfield code="a">Rājānakaratnākara,</subfield>
    <subfield code="d">active 8th century-9th century</subfield>
  </datafield>
  <datafield tag="400" ind1="0" ind2=" ">
    <subfield code="w">nnea</subfield>
    <subfield code="a">Ratnākara,</subfield>
    <subfield code="c">Rājānaka,</subfield>
    <subfield code="d">8th/9th cent.</subfield>
  </datafield>
  <datafield tag="667" ind1=" " ind2=" ">
    <subfield code="a">THIS 1XX FIELD CANNOT BE USED UNDER RDA UNTIL THIS RECORD HAS BEEN REVIEWED AND/OR UPDATED</subfield>
  </datafield>
  <datafield tag="670" ind1=" " ind2=" ">
    <subfield code="a">Śukla, Kr̥. Haravijayasya ... 1980 (subj.)</subfield>
    <subfield code="b">p. 1, etc. (Ratnākara; Rājānaka Ratnākara, Rājānakaratnākara, fl. 8th-9th cents.)</subfield>
  </datafield>
  <datafield tag="670" ind1=" " ind2=" ">
    <subfield code="a">Emeneau, 1217</subfield>
    <subfield code="b">((Rājānaka) Ratnākara)</subfield>
  </datafield>
  <datafield tag="670" ind1=" " ind2=" ">
    <subfield code="a">Krishnamachari, 58</subfield>
    <subfield code="b">(Ratnākara, son of Amr̥tabhānu, and descendant of Rājānaka Ḍurghata; bore the title of Vidyāpati Vāgīśvara)</subfield>
  </datafield>
</record>